<?xml version="1.0" encoding="UTF-8"?><collection xmlns="http://www.loc.gov/MARC21/slim"><record><leader>00493nam--2200145-i-4500</leader><controlfield tag="001">000023319</controlfield><controlfield tag="002">20161230</controlfield><controlfield tag="005">20161230201035</controlfield><controlfield tag="008">060222s1000------------r-----000-0-eng-d</controlfield><datafield ind1=" " ind2=" " tag="080"><subfield code="a">681.3.06:621.38.04</subfield></datafield><datafield ind1=" " ind2=" " tag="100"><subfield code="a">Jensen, Randall W.And Lieberman, Mark D</subfield></datafield><datafield ind1=" " ind2=" " tag="245"><subfield code="a">Ibm electronic circuit analysis program: techniques and applications</subfield></datafield><datafield ind1=" " ind2=" " tag="260"><subfield code="a">Englewood Cliffs, Prentice-hall, Inc., 1968, Xiv + 401p</subfield></datafield><datafield ind1=" " ind2=" " tag="490"><subfield code="a">Series In Computer Applications In Electrical Engineering</subfield></datafield><datafield ind1=" " ind2=" " tag="852"><subfield code="a">39421</subfield></datafield></record></collection>